<?xml version="1.0" encoding="UTF-8"?><collection xmlns="http://www.loc.gov/MARC21/slim"><record><leader>00382nam--2200157-i-4500</leader><controlfield tag="001">000004492</controlfield><controlfield tag="002">20161230</controlfield><controlfield tag="005">20170127213735</controlfield><controlfield tag="008">060222s1000------------r-----000-0-eng-d</controlfield><datafield ind1=" " ind2=" " tag="100"><subfield code="a">Bisi, A</subfield></datafield><datafield ind1=" " ind2=" " tag="245"><subfield code="a">On the decay of cr</subfield></datafield><datafield ind1=" " ind2=" " tag="260"><subfield code="a">Milano</subfield><subfield code="b">Inst.Di Fisica Sperim.Del Polit</subfield><subfield code="c">1955</subfield></datafield><datafield ind1=" " ind2=" " tag="300"><subfield code="a">6 p.+ 5 Fig</subfield></datafield><datafield ind1=" " ind2=" " tag="700"><subfield code="a">Zappa, L</subfield></datafield><datafield ind1=" " ind2=" " tag="852"><subfield code="a">5997</subfield></datafield><datafield ind1=" " ind2=" " tag="CAT"><subfield code="a">SYS</subfield><subfield code="c">20170127</subfield><subfield code="h">213735</subfield></datafield></record></collection>